<record><leader>00000cas a2200000 a 4500</leader><controlfield tag="001">40541645</controlfield><controlfield tag="008">981223d19071914miuwr n       0    0eng c</controlfield><datafield ind1=" " ind2=" " tag="010"><subfield code="a">sn 98066897 </subfield></datafield><datafield ind1=" " ind2=" " tag="040"><subfield code="a">MHN</subfield><subfield code="b">eng</subfield><subfield code="c">MHN</subfield><subfield code="d">OCL</subfield><subfield code="d">MHN</subfield><subfield code="d">OCL</subfield><subfield code="d">OCLCQ</subfield><subfield code="d">OCLCF</subfield><subfield code="d">OCLCO</subfield></datafield><datafield ind1="1" ind2=" " tag="029"><subfield code="a">AU@</subfield><subfield code="b">000014498298</subfield></datafield><datafield ind1=" " ind2=" " tag="042"><subfield code="a">pcc</subfield></datafield><datafield ind1=" " ind2=" " tag="043"><subfield code="a">n-us-mi</subfield></datafield><datafield ind1="0" ind2=" " tag="130"><subfield code="a">Manistee advocate (Manistee, Mich. : 1907)</subfield></datafield><datafield ind1="1" ind2="0" tag="245"><subfield code="a">Manistee advocate.</subfield></datafield><datafield ind1=" " ind2=" " tag="260"><subfield code="a">Manistee, Mich. :</subfield><subfield code="b">J.S. Madison</subfield></datafield><datafield ind1=" " ind2=" " tag="300"><subfield code="a">v.</subfield></datafield><datafield ind1=" " ind2=" " tag="310"><subfield code="a">Weekly</subfield></datafield><datafield ind1=" " ind2=" " tag="580"><subfield code="a">Daily ed.: Manistee daily advocate.</subfield></datafield><datafield ind1=" " ind2=" " tag="580"><subfield code="a">Continues: Advocate (Manistee, Mich.)?</subfield></datafield><datafield ind1=" " ind2=" " tag="588"><subfield code="a">Description based on: 29th yr., no. 52 (July 5, 1907).</subfield></datafield><datafield ind1=" " ind2="0" tag="651"><subfield code="a">Manistee (Mich.)</subfield><subfield code="v">Newspapers.</subfield></datafield><datafield ind1=" " ind2="0" tag="651"><subfield code="a">Manistee County (Mich.)</subfield><subfield code="v">Newspapers.</subfield></datafield><datafield ind1=" " ind2="7" tag="655"><subfield code="a">Newspapers.</subfield><subfield code="2">fast</subfield><subfield code="0">(OCoLC)fst01423814</subfield></datafield><datafield ind1=" " ind2="7" tag="651"><subfield code="a">Michigan</subfield><subfield code="z">Manistee.</subfield><subfield code="2">fast</subfield><subfield code="0">(OCoLC)fst01227986</subfield></datafield><datafield ind1=" " ind2="7" tag="651"><subfield code="a">Michigan</subfield><subfield code="z">Manistee County.</subfield><subfield code="2">fast</subfield><subfield code="0">(OCoLC)fst01214770</subfield></datafield><datafield ind1=" " ind2=" " tag="752"><subfield code="a">United States</subfield><subfield code="b">Michigan</subfield><subfield code="c">Manistee</subfield><subfield code="d">Manistee.</subfield></datafield><datafield ind1="1" ind2=" " tag="775"><subfield code="t">Manistee daily advocate</subfield><subfield code="w">(DLC)sn 96077213</subfield><subfield code="w">(OCoLC)35810855</subfield></datafield><datafield ind1="1" ind2="0" tag="780"><subfield code="t">Advocate (Manistee, Mich.)</subfield><subfield code="w">(DLC)sn 96077210</subfield><subfield code="w">(OCoLC)35802562</subfield></datafield><datafield ind1="0" ind2="4" tag="785"><subfield code="t">Manistee news-advocate</subfield><subfield code="w">(DLC)sn 96077214</subfield><subfield code="w">(OCoLC)35810909</subfield></datafield></record>